@book{Bailey,
  Author = {Bailey, Michael A},
  Year = {2017},
  Title = {Real Econometrics},
  Publisher = {Oxford University Press},
  Address = {New York},
  ISBN = {978-0-19-029682-7}}

@book{R4DS,
  author = {Garret Grolemund and Hadley Wickham},
  year = {2017},
  title = {R for Data Science: Import, Tidy, Transform, Visualize, and Model Data},
  publisher = {O'Reilly Media}}
